@ARTICLE{Eker,
   author = {{Eker}, Z. and {Soydugan}, F. and {Soydugan}, E. and {Bilir}, S. and {Yaz G{\"o}k{\c c}e}, E. and {Steer}, I. and {T{\"u}ys{\"u}z}, M. and {{\c S}eny{\"u}z}, T. and {Demircan}, O.},
    title = {Main-Sequence Effective Temperatures from a Revised Mass-Luminosity Relation Based on Accurate Properties},
  journal = {AJ},
 keywords = {binaries: eclipsing, binaries: spectroscopic, catalogs, stars: fundamental parameters},
     year = 2015,
    month = apr,
   volume = 149,
      eid = {131},
    pages = {131}
}

@ARTICLE{Khalaj,
   author = {{Khalaj}, P. and {Baumgardt}, H.},
    title = {VizieR Online Data Catalog: Praesepe members masses (Khalaj+, 2013)},
 journal = {MNRAS},
 keywords = {Clusters: open, Proper motions, Photometry: infrared, Stars: masses},
     year = 2014,
    month = sep,
   volume = 743,
   adsurl = {http://adsabs.harvard.edu/abs/2014yCat..74343236K}
}

@ARTICLE{Kouwenhoven,
   author = {{Kouwenhoven}, M.B.N. and {Brown}, A.G.A. and {Goodwin}, S.P. and {Portegies Zwart}, S.F. and {Kaper}, L.},
    title = {Exploring the consequences of pairing algorithms for binary stars},
  journal = {A\&A},
     year = {2009},
    month = jan,
   volume = {493}
}

@ARTICLE{Sarro,
author = {{Sarro}, L.~M. and {Bouy}, H. and {Berihuete}, A. and {Bertin}, E. and {Moraux}, E. and {Bouvier}, J. and {Cuillandre}, J.-C. and {Barrado}, D. and {Solano}, E.},
title = {Cluster membership probabilities from proper motions and multi-wavelength photometric catalogues. I. Method and application to the Pleiades cluster},
journal = {A\&A},
     year = 2014,
    month = mar,
   volume = 563,
      eid = {A45},
    pages = {A45}
}

@BOOK {HH,
author={{Haffner}, H. and {Heckmann},O.},
title={VeGoe},
year={1937}
}

@ARTICLE{Maeder,
   author = {{Maeder}, A.},
    title = "{Stellar evolution near the main sequence: on some systematic differences between cluster sequences and model calculations.}",
  journal = {A\&A},
     year = 1974,
    month = may,
   volume = 32,
    pages = {177-190}
   }

@ARTICLE{HT,
   author = {{Hurley}, J. and {Tout}, C.~A.},
    title = "{The binary second sequence in cluster colour-magnitude diagrams}",
  journal = {MNRAS},
     year = 1998,
    month = nov,
   volume = 300,
    pages = {977-980}
}

@ARTICLE{Milone2012,
   author = {{Milone}, A.~P. and {Piotto}, G. and {Bedin}, L.~R. and {Aparicio}, A. and {Anderson}, J. and {Sarajedini}, A. and {Marino}, A.~F. and  {Moretti}, A. and {Davies}, M.~B. and {Chaboyer}, B. and {Dotter}, A. and {Hempel}, M. and {Mar{\'{\i}}n-Franch}, A. and {Majewski}, S. and  {Paust}, N.~E.~Q. and {Reid}, I.~N. and {Rosenberg}, A. and {Siegel}, M.},
    title = "{The ACS survey of Galactic globular clusters. XII. Photometric binaries along the main sequence}",
  journal = {A\&A},
      year = 2012,
    month = apr,
   volume = 540,
      eid = {A16},
    pages = {A16}
}

@ARTICLE{Li17,
   author = {{Li}, Z.-M. and {Mao}, C.-Y. and {Luo}, Q.-P. and {Fan}, Z. and {Zhao}, W.-C. and {Chen}, L. and {Li}, R.-X. and {Guo}, J.-P.},
    title = "{Powerful CMD: a tool for color-magnitude diagram studies}",
  journal = {RAA},
     year = 2017,
    month = jul,
   volume = 17,
      eid = {071},
    pages = {071}
}

@ARTICLE{alPer,
   author = {{Sheikhi}, N. and {Hasheminia}, M. and {Khalaj}, P. and {Haghi}, H. and {Zonoozi}, A.~H. and {Baumgardt}, H.},
    title = "{The binary fraction and mass segregation in Alpha Persei open cluster}",
  journal = {MNRAS},
     year = 2016,
    month = mar,
   volume = 457,
    pages = {1028-1036}
}

@ARTICLE{Boni,
   author = {{Bonifazi}, A. and {Fusi-Pecci}, F. and {Romeo}, G. and {Tosi}, M.},
    title = "{CCD photometry of Galactic open clusters. II - NGC 2243}",
  journal = {MNRAS},
     year = 1990,
    month = jul,
   volume = 245,
    pages = {15-29}
}

@ARTICLE{Duq1,
   author = {{Duquennoy}, A. and {Mayor}, M. and {Halbwachs}, J.-L.},
    title = "{Multiplicity among solar type stars in the solar neighbourhood. I - CORAVEL radial velocity observations of 291 stars}",
  journal = {A\&AS},
 keywords = {Binary Stars, Radial Velocity, Solar Neighborhood, Stellar Luminosity, Stellar Spectra, Astronomical Catalogs, Sky Surveys (Astronomy)},
     year = 1991,
    month = may,
   volume = 88,
    pages = {281-324}
}

@ARTICLE{Duq2,
   author = {{Duquennoy}, A. and {Mayor}, M.},
    title = "{Multiplicity among solar-type stars in the solar neighbourhood. II - Distribution of the orbital elements in an unbiased sample}",
  journal = {A\&A},
 keywords = {Binary Stars, Dwarf Stars, G Stars, Solar Neighborhood, Stellar Orbits, Brown Dwarf Stars, Orbital Elements, Peculiar Stars, Radial Velocity, Stellar Evolution, Variable Stars},
     year = 1991,
    month = aug,
   volume = 248,
    pages = {485-524}
}

@ARTICLE{KOP,
   author = {{Kaczmarek}, T. and {Olczak}, C. and {Pfalzner}, S.},
    title = "{Evolution of the binary population in young dense star clusters}",
  journal = {A\&A},
     year = 2011,
    month = apr,
   volume = 528,
    pages = {A144}
}

@ARTICLE{Dorval,
   author = {{Dorval}, J. and {Boily}, C.~M. and {Moraux}, E. and {Roos}, O.},
    title = "{Wide- and contact-binary formation in substructured young stellar clusters}",
  journal = {MNRAS},
     year = 2017,
    month = feb,
   volume = 465,
    pages = {2198-2211}
}

@ARTICLE{Fisher,
   author = {{Fisher}, J. and {Schr{\"o}der}, K.-P. and {Smith}, R.~C.},
    title = "{What a local sample of spectroscopic binaries can tell us about the field binary population}",
  journal = {MNRAS},
     year = 2005,
    month = aug,
   volume = 361,
    pages = {495-503}
}

@ARTICLE{RM,
   author = {{Reggiani}, M. and {Meyer}, M.~R.},
    title = "{Universality of the companion mass-ratio distribution}",
  journal = {A\&A},
     year = 2013,
    month = may,
   volume = 553,
    pages = {A124}
}

@ARTICLE{Maxted,
   author = {{Maxted}, P.~F.~L. and {Jeffries}, R.~D. and {Oliveira}, J.~M. and {Naylor}, T. and {Jackson}, R.~J.},
    title = "{A survey for low-mass spectroscopic binary stars in the young clusters around {$\sigma$} Orionis and {$\lambda$} Orionis}",
  journal = {MNRAS},
     year = 2008,
    month = apr,
   volume = 385,
    pages = {2210-2224}
}

@INPROCEEDINGS{Kroupa2011,
   author = {{Kroupa}, P.},
    title = "{The universality hypothesis: binary and stellar populations in star clusters and galaxies}",
booktitle = {Computational Star Formation},
     year = 2011,
   series = {IAU Symposium},
   volume = 270,
   editor = {{Alves}, J. and {Elmegreen}, B.~G. and {Girart}, J.~M. and {Trimble}, V.},
    month = apr,
    pages = {141-149}
}

@ARTICLE{PR,
   author = {{Parker}, R.~J. and {Reggiani}, M.~M.},
    title = "{The binary companion mass ratio distribution: an imprint of the star formation process?}",
  journal = {MNRAS},
 keywords = {methods: numerical, binaries: general, stars: formation, stars: kinematics and dynamics, open clusters and associations: general},
     year = 2013,
    month = jul,
   volume = 432,
    pages = {2378-2384}
}

@ARTICLE{Geller2013,
   author = {{Geller}, A.~M. and {Hurley}, J.~R. and {Mathieu}, R.~D.},
    title = "{Direct N-body Modeling of the Old Open Cluster NGC 188: A Detailed Comparison of Theoretical and Observed Binary Star and Blue Straggler Populations}",
  journal = {AJ},
     year = 2013,
    month = jan,
   volume = 145,
      eid = {8},
    pages = {8}
}

@ARTICLE{KdeG,
   author = {{Kouwenhoven}, M.~B.~N. and {de Grijs}, R.},
    title = "{How do binaries affect the derived dynamical mass of a star cluster?}",
  journal = {AP\&SS},
     year = 2009,
    month = dec,
   volume = 324,
    pages = {171-176}
}

@ARTICLE{Bianchini,
   author = {{Bianchini}, P. and {Norris}, M.~A. and {van de Ven}, G. and 	{Schinnerer}, E. and {Bellini}, A. and {van der Marel}, R.~P. and  {Watkins}, L.~L. and {Anderson}, J.},
    title = "{The Effect of Unresolved Binaries on Globular Cluster Proper-motion Dispersion Profiles}",
  journal = {ApJL},
     year = 2016,
    month = mar,
   volume = 820,
      eid = {L22},
    pages = {L22}
}

@ARTICLE{4337,
   author = {{Seleznev}, A.~F. and {Carraro}, G. and {Capuzzo-Dolcetta}, R. and {Monaco}, L. and {Baume}, G.},
    title = "{On the mass of the Galactic star cluster NGC 4337}",
  journal = {MNRAS},
     year = 2017,
    month = jun,
   volume = 467,
    pages = {2517-2528},
}

@book{CO,
place={San Francisco, CA}, 
edition={2nd ed},
title={An introduction to modern astrophysics}, publisher={Pearson Addison-Wesley},
author={Carroll, Bradley W. and Ostlie, Dale A.}, 
year={2007}
}

@ARTICLE{LoPo,
   author = {{Loktin}, A.~V. and {Popova}, M.~E.},
    title = "{Updated version of the `homogeneous catalog of open cluster parameters'}",
  journal = {Astrophysical Bulletin},
     year = 2017,
    month = jul,
   volume = 72,
    pages = {257-265}
}

@ARTICLE{Bressan,
       author = {{Bressan}, Alessandro and {Marigo}, Paola and {Girardi}, L{\'e}o. and
         {Salasnich}, Bernardo and {Dal Cero}, Claudia and {Rubele}, Stefano and
         {Nanni}, Ambra},
        title = "{PARSEC: stellar tracks and isochrones with the PAdova and TRieste Stellar Evolution Code}",
      journal = {MNRAS},
         year = "2012",
        month = "Nov",
       volume = {427},
       number = {1},
        pages = {127-145}
}

@ARTICLE{Tokovinin,
       author = {{Tokovinin}, Andrei},
        title = "{From Binaries to Multiples. II. Hierarchical Multiplicity of F and G Dwarfs}",
      journal = {AJ},
         year = "2014",
        month = "Apr",
       volume = {147},
       number = {4},
          eid = {87},
        pages = {87}
}

@book{Press,
 author = {Press, William H. and Teukolsky, Saul A. and Vetterling, William T. and Flannery, Brian P.},
 title = {Numerical Recipes in C (2Nd Ed.): The Art of Scientific Computing},
 year = {1992},
 isbn = {0-521-43108-5},
 publisher = {Cambridge University Press},
 address = {New York, NY, USA},
} 

